%@inproceedings{hciise,
%    editors =   "Jim Spadaccini and Kathleen McLean",
%    title =     "HCI + ISE - Human Computer Interaction in Informal Science Education",
%    booktitle = "HCI + ISE Field Report",
%    venue =     "The Indian Pueblo Cultural Center, New Mexico",
%    month =     June,
%    year =      "2013",
%    url =       "http://openexhibits.org/hci-ise/",
%    keywords =  "conference"
%}

@online{business,
    author =    "{Business Insider}",
    title =     "Facebook Users Are Uploading 350 Million New Photos Each Day",
    year =      "2013",
    url =       "http://www.businessinsider.com/facebook-350-million-photos-each-day-2013-9?IR=T",
    urldate =   "2015-10-28"
}

@article{boyd,
    author =    "danah boyd and Kate Crawford",
    title =     "CRITICAL QUESTIONS FOR BIG DATA",
    subtitle =  "Provocations for a cultural, technological, and scholarly phenomenon",
    journal =   "Information, Communication \& Society",
    year =      "2012",
    volume =    "15",
    issue =     "5",
    url =       "http://www.tandfonline.com/doi/abs/10.1080/1369118X.2012.678878",
    doi =       "10.1080/1369118X.2012.678878"
}

@inbook{imagined,
    author =    "Alessandro Acquisti and Ralph Gross",
    editor =    "George Danezis and Philippe Golle",
    booktitle = "Privacy Enhancing Technologies",
    booksubtitle = "6th International Workshop, PET 2006, Cambridge, UK, June 28-30, 2006, Revised Selected Papers",
    publisher = "Springer Berlin Heidelberg",
    location =  "United Kingdom",
    chapter =   "Imagined Communities: Awareness, Information Sharing and Privacy on Facebook",
    pages =     "36--58",
    year =      "2006",
    doi =       "10.1007/11957454_3",
    isbn =      "978-3-540-68790-0"
}

%Bryman, A. (2012). Social Research Methods. 4. udgave. New York: Oxford University Press.

%Business Insider. (2013). Facebook Users Are Uploading 350 Million New Photos Each Day. Retrieved 10/28/2015 from http://www.businessinsider.com/facebook-350-million-photos-each-day-2013-9?IR=T.

%DR. (2015). VIDEO Sådan stjæler apps dine private sms’er. Retrieved 10/31/2015 from http://www.dr.dk/nyheder/viden/tech/video-saadan-stjaeler-apps-dine-private-smser#!/01:48.

%Facebook. (2015). Vilkår. Retrieved 10/31/2015 from https://www.facebook.com/legal/terms.

%Facebook Newsroom. (2015). Company Info. Retrieved 10/28/2015 from http://newsroom.fb.com/company-info/.

%Giddens, A. (1994). Modernitetens konsekvenser. København: Hans Reitzels Forlag.

%Giddens, A. (1996). Modernitet og selvidentitet. København: Hans Reitzels Forlag.

%Harboe, Thomas (2010) Metode og projektskrivning - en introduktion Frederiksberg: Samfundslitteratur.

%Hein, Helle H. (2009) Introduktion til motivation. Motivationsteori og praktisk anvendelse. København: Hans Reitzels Forlag.

%Maslow, Abraham (1943). A Theory of Human Motivation. Start Publishing LLC.

%Tene, O. & Polonetsky, J. (2012). Privacy in the Age of Big Data - A Time for Big Decisions. Stanford Law Review Online, 64th ed, 63-69.
