@online{business,
    author =    "{Business Insider}",
    title =     "Facebook Users Are Uploading 350 Million New Photos Each Day",
    year =      "2013",
    url =       "http://www.businessinsider.com/facebook-350-million-photos-each-day-2013-9?IR=T",
    urldate =   "2015-10-28"
}

@article{boyd,
    author =    "danah boyd and Kate Crawford",
    title =     "CRITICAL QUESTIONS FOR BIG DATA",
    subtitle =  "Provocations for a cultural, technological, and scholarly phenomenon",
    journal =   "Information, Communication \& Society",
    year =      "2012",
    volume =    "15",
    issue =     "5",
    url =       "http://www.tandfonline.com/doi/abs/10.1080/1369118X.2012.678878",
    doi =       "10.1080/1369118X.2012.678878"
}

@inbook{imagined,
    author =    "Alessandro Acquisti and Ralph Gross",
    editor =    "George Danezis and Philippe Golle",
    booktitle = "Privacy Enhancing Technologies",
    booksubtitle = "6th International Workshop, PET 2006, Cambridge, UK, June 28-30, 2006, Revised Selected Papers",
    publisher = "Springer Berlin Heidelberg",
    location =  "United Kingdom",
    chapter =   "Imagined Communities: Awareness, Information Sharing and Privacy on Facebook",
    pages =     "36--58",
    year =      "2006",
    doi =       "10.1007/11957454_3",
    isbn =      "978-3-540-68790-0"
}